<?xml version="1.0" encoding="UTF-8"?><collection xmlns="http://www.loc.gov/MARC21/slim"><record><leader>00442nam--2200181-u-4500</leader><controlfield tag="001">000056066</controlfield><controlfield tag="002">20161230</controlfield><controlfield tag="005">20161230201052</controlfield><controlfield tag="008">141208s1000------------r-----000-0-rus-d</controlfield><datafield ind1=" " ind2=" " tag="040"><subfield code="a">IFIN-HH</subfield></datafield><datafield ind1=" " ind2=" " tag="041"><subfield code="a">rus</subfield></datafield><datafield ind1=" " ind2=" " tag="080"><subfield code="a">523.9</subfield></datafield><datafield ind1="1" ind2=" " tag="100"><subfield code="a">Chertkov, A.D</subfield></datafield><datafield ind1="1" ind2="0" tag="245"><subfield code="a">Solnecenii veter i vnutrennee stroenie solnta</subfield><subfield code="c">A.d. chertkov</subfield></datafield><datafield ind1=" " ind2=" " tag="260"><subfield code="a">Moskva</subfield><subfield code="b">Mir</subfield><subfield code="c">1985</subfield></datafield><datafield ind1=" " ind2=" " tag="300"><subfield code="a">197P</subfield></datafield><datafield ind1=" " ind2=" " tag="852"><subfield code="a">73254</subfield><subfield code="c">523</subfield></datafield><datafield ind1=" " ind2=" " tag="CAT"><subfield code="a">Sys</subfield><subfield code="c">20141208</subfield><subfield code="h">141430</subfield></datafield></record></collection>